@inproceedings{krebs-2023-probelog,
  title={Probe Log: Visualizing the Control Flow of Babylonian Programming},
  author={Krebs, Eva and Rein, Patrick and Bergsiek, Joana and Urban, Lina and Hirschfeld, Robert},
  booktitle={Companion Proceedings of the 7th International Conference on the Art, Science, and Engineering of Programming},
  pages={61--67},
  year={2023}
}

@inproceedings{ko-2009-whyline,
  title={Finding causes of program output with the Java Whyline},
  author={Ko, Amy J and Myers, Brad A},
  booktitle={Proceedings of the SIGCHI Conference on Human Factors in Computing Systems},
  pages={1569--1578},
  year={2009}
}

@inproceedings{ko-2004-whyline,
  title={Designing the whyline: a debugging interface for asking questions about program behavior},
  author={Ko, Amy J and Myers, Brad A},
  booktitle={Proceedings of the SIGCHI conference on Human factors in computing systems},
  pages={151--158},
  year={2004}
}

@inproceedings{leiva-2021-rapido,
  title={Rapido: Prototyping interactive ar experiences through programming by demonstration},
  author={Leiva, Germ{\'a}n and Gr{\o}nb{\ae}k, Jens Emil and Klokmose, Clemens Nylandsted and Nguyen, Cuong and Kazi, Rubaiat Habib and Asente, Paul},
  booktitle={The 34th Annual ACM Symposium on User Interface Software and Technology},
  pages={626--637},
  year={2021}
}

@book{cypher-1993-pbd,
  title={Watch what I do: programming by demonstration},
  author={Cypher, Allen and Halbert, Daniel Conrad},
  year={1993},
  publisher={MIT press}
}

@inproceedings{kleppmann-2019-local,
  title={Local-first software: you own your data, in spite of the cloud},
  author={Kleppmann, Martin and Wiggins, Adam and Van Hardenberg, Peter and McGranaghan, Mark},
  booktitle={Proceedings of the 2019 ACM SIGPLAN International Symposium on New Ideas, New Paradigms, and Reflections on Programming and Software},
  pages={154--178},
  year={2019}
}

@inproceedings{klokmose-2024-mywebstrates,
  title={MyWebstrates: Webstrates as Local-first Software},
  author={Klokmose, Clemens Nylandsted and Eagan, James R and van Hardenberg, Peter},
  booktitle={UIST'24: Proceedings of the 37th Annual ACM Symposium on User Interface Software and Technology},
  year={2024},
  organization={ACM}
}

@inproceedings{perera-2012-functional,
  title={Functional programs that explain their work},
  author={Perera, Roly and Acar, Umut A and Cheney, James and Levy, Paul Blain},
  booktitle={Proceedings of the 17th ACM SIGPLAN international conference on Functional programming},
  pages={365--376},
  year={2012}
}

@article{perera-2022-linked,
  title={Linked visualisations via Galois dependencies},
  author={Perera, Roly and Nguyen, Minh and Petricek, Tomas and Wang, Meng},
  journal={Proceedings of the ACM on Programming Languages},
  volume={6},
  number={POPL},
  pages={1--29},
  year={2022},
  publisher={ACM New York, NY, USA}
}


@article{ricciotti-2017-imperative,
  title={Imperative functional programs that explain their work},
  author={Ricciotti, Wilmer and Stolarek, Jan and Perera, Roly and Cheney, James},
  journal={Proceedings of the ACM on Programming Languages},
  volume={1},
  number={ICFP},
  pages={1--28},
  year={2017},
  publisher={ACM New York, NY, USA}
}

@inproceedings{edwards-2022-copypaste,
  title={Interaction vs. Abstraction: Managed Copy and Paste},
  author={Edwards, Jonathan and Petricek, Tomas},
  booktitle={Proceedings of the 1st ACM SIGPLAN International Workshop on Programming Abstractions and Interactive Notations, Tools, and Environments},
  pages={11--19},
  year={2022}
}

@techreport{edwards-2006-copypaste,
  title = {First Class Copy \& Paste},
  author = {Edwards, Jonathan},
  institution = {Massachusetts Institute of Technology},
  year = {2006},
  number = {MIT-CSAIL-TR-2006-037},
  url = {https://dspace.mit.edu/handle/1721.1/32980}
}

@inproceedings{jakubovic-2022-ladder,
  title={Ascending the Ladder to Self-Sustainability: Achieving Open Evolution in an Interactive Graphical System},
  author={Jakubovic, Joel and Petricek, Tomas},
  booktitle={Proceedings of the 2022 ACM SIGPLAN International Symposium on New Ideas, New Paradigms, and Reflections on Programming and Software},
  pages={240--258},
  year={2022}
}


@inproceedings{chen-2023-miwa,
  author = {Weihao Chen and Xiaoyu Liu and Jiacheng Zhang and Ian Iong Lam and Zhicheng Huang and Rui Dong and Xinyu Wang and Tianyi Zhang},
  title = {{MIWA:} Mixed-Initiative Web Automation for Better User Control and Confidence},
  booktitle    = {Proceedings of the 36th Annual {ACM} Symposium on User Interface Software Technology, {UIST} 2023, San Francisco, CA, USA},
  pages        = {75:1--75:15},
  publisher    = {{ACM}},
  year         = {2023},
  doi          = {10.1145/3586183.3606720},
}

@article{disessa-1986-boxer,
  author       = {Andrea A. diSessa and
                  Harold Abelson},
  title        = {Boxer: {A} Reconstructible Computational Medium},
  journal      = {Commun. {ACM}},
  volume       = {29},
  number       = {9},
  pages        = {859--868},
  year         = {1986},
  doi          = {10.1145/6592.6595},
}

@article{edwards-2025-schema,
  author       = {Jonathan Edwards and Tomas Petricek and Tijs van der Storm and Geoffrey Litt},
  title        = {Schema Evolution in Interactive Programming Systems},
  journal      = {The Art, Science, and Engineering of Programming},
  volume       = {9},
  number       = {?},
  pages        = {1--34},
  year         = {2024},
  doi          = {00.0000/0000.0000},
}

@inproceedings{kandel-2011-wrangler,
author = {Kandel, Sean and Paepcke, Andreas and Hellerstein, Joseph and Heer, Jeffrey},
title = {Wrangler: interactive visual specification of data transformation scripts},
year = {2011},
isbn = {9781450302289},
publisher = {Association for Computing Machinery},
address = {New York, NY, USA},
doi = {10.1145/1978942.1979444},
booktitle = {Proceedings of the SIGCHI Conference on Human Factors in Computing Systems},
pages = {3363–3372},
numpages = {10},
keywords = {wrangler, visualization, transformation, data cleaning, data analysis},
location = {Vancouver, BC, Canada},
series = {CHI '11}
}

@article{myers-2000-intelligence,
author = {Myers, Brad A. and McDaniel, Richard and Wolber, David},
title = {Programming by example: intelligence in demonstrational interfaces},
year = {2000},
issue_date = {March 2000},
publisher = {Association for Computing Machinery},
address = {New York, NY, USA},
volume = {43},
number = {3},
issn = {0001-0782},
doi = {10.1145/330534.330545},
journal = {Commun. ACM},
month = mar,
pages = {82–89},
numpages = {8}
}

@inproceedings{nardi-1990-spreadsheets,
author = {Nardi, Bonnie A. and Miller, James R.},
title = {The spreadsheet interface: A basis for end user programming},
year = {1990},
isbn = {0444888179},
publisher = {North-Holland Publishing Co.},
address = {NLD},
booktitle = {Proceedings of the IFIP TC13 Third Interational Conference on Human-Computer Interaction},
pages = {977–983},
numpages = {7},
series = {INTERACT '90}
}
